
    <zs:record>
      <zs:recordSchema/>
      <zs:recordPacking>xml</zs:recordPacking>
      <zs:recordData>
        <record xmlns="http://www.loc.gov/MARC21/slim">
          <leader>02263cam a22004211a 4500</leader>
          <controlfield tag="001">9676653</controlfield>
          <controlfield tag="005">20160912130055.0</controlfield>
          <controlfield tag="008">770517s1794    enkcf         000 0 eng  </controlfield>
          <datafield tag="035" ind1=" " ind2=" ">
            <subfield code="9">(DLC)   28002983</subfield>
          </datafield>
          <datafield tag="906" ind1=" " ind2=" ">
            <subfield code="a">7</subfield>
            <subfield code="b">cbc</subfield>
            <subfield code="c">premver</subfield>
            <subfield code="d">1</subfield>
            <subfield code="e">ncip</subfield>
            <subfield code="f">19</subfield>
            <subfield code="g">y-genrareb</subfield>
          </datafield>
          <datafield tag="955" ind1=" " ind2=" ">
            <subfield code="a">he11 2016-09-12</subfield>
            <subfield code="i">he11 2016-09-12 NEW INPUT</subfield>
          </datafield>
          <datafield tag="010" ind1=" " ind2=" ">
            <subfield code="a">   28002983 </subfield>
          </datafield>
          <datafield tag="035" ind1=" " ind2=" ">
            <subfield code="a">(OCoLC)2972257</subfield>
          </datafield>
          <datafield tag="040" ind1=" " ind2=" ">
            <subfield code="a">DLC</subfield>
            <subfield code="b">eng</subfield>
            <subfield code="c">DLC</subfield>
            <subfield code="d">DLC</subfield>
            <subfield code="e">dcrmb</subfield>
          </datafield>
          <datafield tag="042" ind1=" " ind2=" ">
            <subfield code="a">premarc</subfield>
          </datafield>
          <datafield tag="050" ind1="0" ind2="0">
            <subfield code="a">PR1241</subfield>
            <subfield code="b">.L6 vol. 228, no. 1</subfield>
          </datafield>
          <datafield tag="100" ind1="1" ind2=" ">
            <subfield code="a">Waldron, F. G.</subfield>
            <subfield code="q">(Francis Godolphin),</subfield>
            <subfield code="d">1744-1818.</subfield>
          </datafield>
          <datafield tag="245" ind1="1" ind2="0">
            <subfield code="a">Heigho for a husband! :</subfield>
            <subfield code="b">A comedy. As performed at the Theatre-Royal, in the Hay-market, on Tuesday, January 14, 1794.</subfield>
          </datafield>
          <datafield tag="246" ind1="1" ind2=" ">
            <subfield code="i">Binder's title:</subfield>
            <subfield code="a">Plays.</subfield>
            <subfield code="n">No. 228</subfield>
            <subfield code="5">DLC</subfield>
          </datafield>
          <datafield tag="260" ind1=" " ind2=" ">
            <subfield code="a">London :</subfield>
            <subfield code="b">Printed for T. Arrowsmith, Middle-Row, Holborn, and sold by B. Crosby, Stationers Court, Richardson, Royal-Exchange, Hamilton &amp; Co. Beech-Street, Allen &amp; West, Pater-Noster Row, Messrs. Hookham &amp; Carpenter, and W. Miller, Old Bond-Street, Owen, Piccadilly, Martin &amp; Bayne, and Jordan, Fleet-Street,</subfield>
            <subfield code="c">[1794]</subfield>
          </datafield>
          <datafield tag="300" ind1=" " ind2=" ">
            <subfield code="a">10, [2], 60 p., [1] leaf of plates ;</subfield>
            <subfield code="b">port. ;</subfield>
            <subfield code="c">21 cm. (8vo)</subfield>
          </datafield>
          <datafield tag="490" ind1="0" ind2=" ">
            <subfield code="a">[Longe, F. Collection of plays ;</subfield>
            <subfield code="v">v. 228, no. 1]</subfield>
          </datafield>
          <datafield tag="500" ind1=" " ind2=" ">
            <subfield code="a">Dedication signed: Francis Godolphin Waldron.</subfield>
          </datafield>
          <datafield tag="500" ind1=" " ind2=" ">
            <subfield code="a">An alteration of the author's comedy, Imitation.</subfield>
          </datafield>
          <datafield tag="500" ind1=" " ind2=" ">
            <subfield code="a">Called by the author "a parody on Farquhar's ... Beaux stratagem." Cf. Pref.</subfield>
          </datafield>
          <datafield tag="500" ind1=" " ind2=" ">
            <subfield code="a">Engraved frontispiece plate portrait signed: "S. Harding, del." and "E. Harding, Jun. sculp."</subfield>
          </datafield>
          <datafield tag="510" ind1="4" ind2=" ">
            <subfield code="a">English Short Title Catalogue (ESTC)</subfield>
            <subfield code="c">T8576</subfield>
          </datafield>
          <datafield tag="530" ind1=" " ind2=" ">
            <subfield code="a">A digital reproduction of the copy of this title found at the British Library is available from Eighteenth Century Collections Online (ECCO)</subfield>
          </datafield>
          <datafield tag="500" ind1=" " ind2=" ">
            <subfield code="a">LC copy: First title in volume with binder's title: Plays, no. 228.</subfield>
            <subfield code="5">DLC</subfield>
          </datafield>
          <datafield tag="655" ind1=" " ind2="7">
            <subfield code="a">Comedies.</subfield>
            <subfield code="2">gsafd</subfield>
          </datafield>
          <datafield tag="700" ind1="1" ind2=" ">
            <subfield code="a">Harding, Sylvester,</subfield>
            <subfield code="d">1745-1809,</subfield>
            <subfield code="e">artist.</subfield>
          </datafield>
          <datafield tag="700" ind1="1" ind2=" ">
            <subfield code="a">Harding, E.</subfield>
            <subfield code="q">(Edward),</subfield>
            <subfield code="d">1755-1840,</subfield>
            <subfield code="e">engraver.</subfield>
          </datafield>
          <datafield tag="700" ind1="1" ind2=" ">
            <subfield code="a">Farquhar, George,</subfield>
            <subfield code="d">1677?-1707.</subfield>
            <subfield code="t">Beaux' stratagem.</subfield>
          </datafield>
          <datafield tag="710" ind1="2" ind2=" ">
            <subfield code="a">Francis Longe Collection (Library of Congress)</subfield>
            <subfield code="5">DLC</subfield>
          </datafield>
          <datafield tag="740" ind1="0" ind2=" ">
            <subfield code="a">Imitation.</subfield>
          </datafield>
          <datafield tag="984" ind1=" " ind2=" ">
            <subfield code="a">gsl</subfield>
            <subfield code="d">2016-09-12</subfield>
          </datafield>
          <datafield tag="985" ind1=" " ind2=" ">
            <subfield code="e">OCLC REPLACEMENT cdsdistr</subfield>
          </datafield>
          <datafield tag="991" ind1=" " ind2=" ">
            <subfield code="b">c-GenColl</subfield>
            <subfield code="h">PR1241</subfield>
            <subfield code="i">.L6 vol. 228</subfield>
            <subfield code="t">Copy 1</subfield>
            <subfield code="w">OCLCREP</subfield>
          </datafield>
        </record>
      </zs:recordData>
      <zs:recordPosition>10</zs:recordPosition>
    </zs:record>
  </zs:records>
  <zs:echoedSearchRetrieveRequest>
    <zs:version>1.1</zs:version>
    <zs:query>dc.creator="Harding, E." or dc.creator="Harding, Miss E."</zs:query>
    <zs:maximumRecords>100</zs:maximumRecords>
    <zs:recordPacking>xml</zs:recordPacking>
  </zs:echoedSearchRetrieveRequest>
</zs:searchRetrieveResponse>
